<?xml version="1.0" encoding="UTF-8"?><record xmlns="http://www.loc.gov/MARC21/slim" xmlns:cinclude="http://apache.org/cocoon/include/1.0" xmlns:zs="http://www.loc.gov/zing/srw/">
  <leader>00449nz  a2200121n  4500</leader>
  <controlfield tag="001">n 2006068714</controlfield>
  <controlfield tag="003">DLC</controlfield>
  <controlfield tag="005">20060907145629.0</controlfield>
  <controlfield tag="008">060907n| acannaabn          |n ana      </controlfield>
  <datafield tag="010" ind1=" " ind2=" ">
    <subfield code="a">n 2006068714</subfield>
  </datafield>
  <datafield tag="040" ind1=" " ind2=" ">
    <subfield code="a">DLC</subfield>
    <subfield code="b">eng</subfield>
    <subfield code="c">DLC</subfield>
  </datafield>
  <datafield tag="110" ind1="2" ind2=" ">
    <subfield code="a">Greater Lexington Convention and Visitors Bureau (Ky.)</subfield>
  </datafield>
  <datafield tag="670" ind1=" " ind2=" ">
    <subfield code="a">Greater Lexington Convention and Visitors Bureau (Ky.). Maps of Lexington, Kentucky, 1991?:</subfield>
    <subfield code="b">map verso (Greater Lexington Convention and Visitors Bureau)</subfield>
  </datafield>
</record>